@book{milgram1992,
	author = {Milgram, Stanley and Sabini, John (Ed) and Silver, Maury (Ed)},
	year = {1992},
	title = {The individual in a social world: Essays and experiments},
	publisher = {Mcgraw-hill Book Company},
	edition = {2nd ed.},
	address = {New York, NY, England},
	pages = {345 pp}
}

@Article{familiarStranger,
	author = {Paulos, Eric and Goodman, Elizabeth},
	year = {2004},
	title = {The Familiar Stranger: Anxiety, Comfort, and Play in Public Places},
	journal = {Proceedings of the SIGCHI Conference on Human Factors in Computing Systems},
	pages = {223-230}
}

@Article{socialAdHoc,
	author = {Kaisa Väänänen-Vainio-Mattila and Petri Saarinen and Minna Wäljas and Marko Hännikäinen and Heikki Orsila and Niko Kiukkonen},
	year = {2010},
	title = {User experience of social ad hoc networking: findings from a large-scale field trial of TWIN},
	journal = {Proceedings of the 9th International Conference on Mobile and Ubiquitous Multimedia},
	number = {10},
	isbn = {978-1-4503-0424-5}
}
